<?xml version="1.0" encoding="UTF-8"?><record xmlns="http://www.loc.gov/MARC21/slim" xmlns:cinclude="http://apache.org/cocoon/include/1.0" xmlns:zs="http://www.loc.gov/zing/srw/">
  <leader>00634cz  a2200157n  4500</leader>
  <controlfield tag="001">n  91086602 </controlfield>
  <controlfield tag="003">DLC</controlfield>
  <controlfield tag="005">19930219105132.4</controlfield>
  <controlfield tag="008">910827n| acannaab|          |a aaa |||  </controlfield>
  <datafield tag="010" ind1=" " ind2=" ">
    <subfield code="a">n  91086602 </subfield>
  </datafield>
  <datafield tag="040" ind1=" " ind2=" ">
    <subfield code="a">DLC</subfield>
    <subfield code="c">DLC</subfield>
    <subfield code="d">DLC</subfield>
  </datafield>
  <datafield tag="100" ind1="1" ind2="0">
    <subfield code="a">De Silva, Sena S.</subfield>
  </datafield>
  <datafield tag="400" ind1="1" ind2="0">
    <subfield code="a">Silva, Sena S. de</subfield>
  </datafield>
  <datafield tag="400" ind1="1" ind2="0">
    <subfield code="a">De Silva, S. S.</subfield>
    <subfield code="q">(Sena S.)</subfield>
  </datafield>
  <datafield tag="670" ind1=" " ind2=" ">
    <subfield code="a">Reservoir fishery management and development in Asia, 1988:</subfield>
    <subfield code="b">t.p. (Sena S. De Silva)</subfield>
  </datafield>
  <datafield tag="670" ind1=" " ind2=" ">
    <subfield code="a">Asian Fish Nutrition Workshop (4th : 1990 : VijayawaĚda, India). Fish nutrition research in Asia, 1991:</subfield>
    <subfield code="b">t.p. (S.S. De Silva) p. 203 (Dr.; Dept. of Zoology, National Univ. of Singapore, Singapore)</subfield>
  </datafield>
</record>